<?xml version="1.0" encoding="UTF-8" ?><marc:collection xmlns:marc="http://www.loc.gov/MARC21/slim" xmlns:xsi="http://www.w3.org/2001/XMLSchema-instance" xsi:schemaLocation="http://www.loc.gov/MARC21/slim http://www.loc.gov/standards/marcxml/schema/MARC21slim.xsd">
<marc:record><marc:leader>04866nam a2200373 a 4500</marc:leader>
<marc:controlfield tag="001">6054</marc:controlfield>
<marc:controlfield tag="003">aeadna</marc:controlfield><marc:controlfield tag="005">20100502082100.0</marc:controlfield><marc:controlfield tag="008">990509s1903    ua     f e   a0 0 0dara u</marc:controlfield><marc:datafield tag="035" ind1=" " ind2=" "><marc:subfield code="a">(Sirsi) 6054</marc:subfield></marc:datafield><marc:datafield tag="035" ind1=" " ind2=" "><marc:subfield code="a">0039-46660</marc:subfield></marc:datafield><marc:datafield tag="040" ind1=" " ind2=" "><marc:subfield code="a">nal</marc:subfield><marc:subfield code="b">ara</marc:subfield><marc:subfield code="e">AACR2</marc:subfield></marc:datafield><marc:datafield tag="041" ind1="0" ind2=" "><marc:subfield code="a">ara</marc:subfield></marc:datafield><marc:datafield tag="043" ind1=" " ind2=" "><marc:subfield code="a">ma---</marc:subfield></marc:datafield><marc:datafield tag="050" ind1=" " ind2="4"><marc:subfield code="a">PJ7745</marc:subfield><marc:subfield code="b">.I15 1903</marc:subfield></marc:datafield><marc:datafield tag="082" ind1="1" ind2="0"><marc:subfield code="a">416</marc:subfield><marc:subfield code="b">21</marc:subfield></marc:datafield><marc:datafield tag="100" ind1="2" ind2=" "><marc:subfield code="a">ابن عبد ربه الأندلسي، أبي عمر بن محمد،</marc:subfield><marc:subfield code="d">860-940 م.</marc:subfield></marc:datafield><marc:datafield tag="245" ind1="1" ind2="0"><marc:subfield code="a"> العقد الفريد /</marc:subfield><marc:subfield code="c">أبي عمر بن محمد بن عبدربه الأندلسي. وبهامشه زهر الآداب وثمر الألباب/لأبي اسحق ابراهيم بن علي، المعروف بالحصري القيرواني المالكي</marc:subfield></marc:datafield><marc:datafield tag="246" ind1="3" ind2="0"><marc:subfield code="a">زهر الآداب وثمر الألباب</marc:subfield></marc:datafield><marc:datafield tag="250" ind1=" " ind2=" "><marc:subfield code="a">ط.1</marc:subfield></marc:datafield><marc:datafield tag="260" ind1=" " ind2=" "><marc:subfield code="a">القاهرة :</marc:subfield><marc:subfield code="b">المطبعة الأزهرية،</marc:subfield><marc:subfield code="c">1321 هـ.[1903]</marc:subfield></marc:datafield><marc:datafield tag="300" ind1=" " ind2=" "><marc:subfield code="a">1-8، 3 مج. ؛</marc:subfield><marc:subfield code="c">27 سم.</marc:subfield></marc:datafield><marc:datafield tag="500" ind1=" " ind2=" "><marc:subfield code="a">نبذة من سيرة المؤلف : هو أبو عمر أحمد بن محمد بن عبد ربه بن حبيب بن حيدر بن سالم، مولى هشام بن عبد الرحمن بن معاوية بن هشام بن عبد الملك بن مروان،   ولد ابن عبد ربه سنة 246هـ وتوفي يوم الأحد في الثامن عشر من جمادى الأولى لسنة 328هـ عن عمر يناهز اثنين وثمانين عاماً، ودُفن يوم الاثنين في المقبرة الواقعة في العباس بقرطبة.  وهو أديب وشاعر ومن أهل العلم. وقد جمع ابن عبد ربه أثناء التحصيل العلميّ بين كل من الثقافة الدينية والأدبية، واعتنى بأدب المشارقة نظراً لما أخذه عن شيوخه في الأندلس مثل: بقي بن مخلد، ومحمد بن عبد السلام الخشنيّ، ومحمد بن وضاح وغيرهم من رجال العلم الذين جابوا أقطار المشرق وذاع صيتهم في الأندلس وأقطار المغرب، ورغم أنّ ابن عبد ربه أندلسيّ الأصل إلّا أنّه لم يُشر إليها أو إلى أهلها بأي كلمة فيما عدا ما عرّف به عن نفسه ونشره للشعر. من أشهر كتبه العقد الفريد، وهو كتاب يجمع بين الأخبار، والأنساب، والأمثال، والشعر، والعروض والموسيقى، وقد شمل خلاصة ما كتب الأصمعيّ، وأبو عبيدة، والجاحظ، وابن قتيبة وغيرهم من الأدباء الكبار، وكتاب العقد الفريد مقسّم إلى عدّة أقسام، وسمّى ابن عبد ربّه كل باب منه على طريقة العقد، وجعل منه خمسة وعشرين كتاباً، كل كتاب يحتوي جزئين، أي أنّ الكتاب يحتوي على خمسين جزءاً.</marc:subfield></marc:datafield><marc:datafield tag="500" ind1=" " ind2=" "><marc:subfield code="a">ورق الكتاب أصفر. طباعة حجرية. مجلد تجليد فني.</marc:subfield></marc:datafield><marc:datafield tag="520" ind1=" " ind2=" "><marc:subfield code="a"> يشتمل الكتاب على جملة من الأخبار والأمثال والحكم والمواعظ والأشعار وغيرها. وقد سُمي بـ «العقد» لأن ابن عبد ربه قسّمه إلى أبواب أو كتب حمل كل منها اسم حجر كريم، كالزبرجدة والمرجانة والياقوتة والجمانة واللؤلؤة، وغير ذلك مما تناول عقود الحسان الحقيقية. الكتاب موسوعة أدبية، تجمع بين المختارات الشعرية والنثرية، ولمحات من التاريخ والأخبار، مع الأخذ بنظرات في البلاغة والنقد مع شيء من العروض والموسيقى، وإشارات للأخلاق والعادات.</marc:subfield></marc:datafield><marc:datafield tag="546" ind1=" " ind2=" "><marc:subfield code="a">هدية سمو الشيخ صالح بن ناصر آل ثاني إلى مكتبة مركز الوثائق والدراسات أبو ظبي.</marc:subfield></marc:datafield><marc:datafield tag="650" ind1=" " ind2="4"><marc:subfield code="a">الشعر العربي</marc:subfield><marc:subfield code="x">تاريخ ونقد</marc:subfield><marc:subfield code="y">العصر الجاهلي</marc:subfield></marc:datafield><marc:datafield tag="650" ind1=" " ind2="4"><marc:subfield code="a">الشعر العربي</marc:subfield><marc:subfield code="x">العروض والقوافي</marc:subfield></marc:datafield><marc:datafield tag="650" ind1=" " ind2="4"><marc:subfield code="a">الأدب العربي،</marc:subfield><marc:subfield code="y"> 750-1258</marc:subfield></marc:datafield><marc:datafield tag="650" ind1=" " ind2="4"><marc:subfield code="a">الأدب العربي،</marc:subfield><marc:subfield code="v">الأعمال المبكرة حتى 1800.</marc:subfield></marc:datafield><marc:datafield tag="700" ind1="1" ind2=" "><marc:subfield code="a">الحصري، إبراهيم بن علي،</marc:subfield><marc:subfield code="d">ت. 1022؟.</marc:subfield><marc:subfield code="t">زهر الآداب وثمر الألباب.</marc:subfield></marc:datafield><marc:datafield tag="949" ind1=" " ind2=" "><marc:subfield code="a">PJ7745 .I15 1903</marc:subfield><marc:subfield code="v">1</marc:subfield><marc:subfield code="w">DDC</marc:subfield><marc:subfield code="i">30018000000637</marc:subfield><marc:subfield code="u">06/22/2003</marc:subfield><marc:subfield code="d">07/15/2009</marc:subfield><marc:subfield code="n">0</marc:subfield><marc:subfield code="t">Book</marc:subfield><marc:subfield code="l">av</marc:subfield><marc:subfield code="m">MAIN</marc:subfield><marc:subfield code="x">RAR</marc:subfield></marc:datafield><marc:datafield tag="949" ind1=" " ind2=" "><marc:subfield code="a">PJ7745 .I15 1903</marc:subfield><marc:subfield code="v">2</marc:subfield><marc:subfield code="w">DDC</marc:subfield><marc:subfield code="i">30018000000635</marc:subfield><marc:subfield code="u">06/22/2003</marc:subfield><marc:subfield code="d">07/15/2009</marc:subfield><marc:subfield code="n">0</marc:subfield><marc:subfield code="t">Book</marc:subfield><marc:subfield code="l">av</marc:subfield><marc:subfield code="m">MAIN</marc:subfield><marc:subfield code="x">RAR</marc:subfield></marc:datafield><marc:datafield tag="949" ind1=" " ind2=" "><marc:subfield code="a">PJ7745 .I15 1903</marc:subfield><marc:subfield code="v">3</marc:subfield><marc:subfield code="w">DDC</marc:subfield><marc:subfield code="i">30018000000633</marc:subfield><marc:subfield code="u">06/22/2003</marc:subfield><marc:subfield code="d">07/15/2009</marc:subfield><marc:subfield code="n">0</marc:subfield><marc:subfield code="t">Book</marc:subfield><marc:subfield code="l">av</marc:subfield><marc:subfield code="m">MAIN</marc:subfield><marc:subfield code="x">RAR</marc:subfield></marc:datafield></marc:record>
</marc:collection>
